<?xml version = "1.0" encoding = "UTF-8"?><OAI-PMH xmlns="http://www.openarchives.org/OAI/2.0/" xmlns:xsi="http://www.w3.org/2001/XMLSchema-instance" xsi:schemaLocation="http://www.openarchives.org/OAI/2.0/ http://www.openarchives.org/OAI/2.0/OAI-PMH.xsd"><ListRecords><record><header><identifier>aleph-publish:004626256</identifier></header><metadata><record xmlns="http://www.ddb.de/professionell/mabxml/mabxml-1.xsd"><leader>00477vM2.01200024------h</leader><controlfield tag="LDR">00477vM2.01200024------h</controlfield><controlfield tag="FMT">MH</controlfield><datafield tag="001" ind1="-" ind2="1"><subfield code="a">HT010912885</subfield></datafield><datafield tag="002" ind1="a" ind2="1"><subfield code="a">20000112</subfield></datafield><controlfield tag="030">a|1uc||||||17</controlfield><datafield tag="036" ind1="a" ind2="1"><subfield code="a">DE</subfield></datafield><datafield tag="037" ind1="b" ind2="1"><subfield code="a">ger</subfield></datafield><controlfield tag="050">a|||||||||||||</controlfield><controlfield tag="051">m|||||||</controlfield><datafield tag="070" ind1="-" ind2="1"><subfield code="a">294</subfield></datafield><datafield tag="080" ind1="-" ind2="1"><subfield code="a">60</subfield></datafield><datafield tag="100" ind1="-" ind2="1"><subfield code="p">Stadler, Arnold</subfield><subfield code="d">1954-</subfield><subfield code="9">(DE-588)119390388</subfield></datafield><datafield tag="101" ind1="-" ind2="1"><subfield code="p">Štadler, Arnolʹd</subfield><subfield code="d">1954-</subfield></datafield><datafield tag="331" ind1="-" ind2="1"><subfield code="a">&lt;&lt;Ein&gt;&gt; hinreissender Schrotthändler</subfield></datafield><datafield tag="335" ind1="-" ind2="1"><subfield code="a">Roman</subfield></datafield><datafield tag="359" ind1="-" ind2="1"><subfield code="a">Arnold Stadler</subfield></datafield><datafield tag="403" ind1="-" ind2="1"><subfield code="a">1. Aufl.</subfield></datafield><datafield tag="410" ind1="-" ind2="1"><subfield code="a">Köln</subfield></datafield><datafield tag="412" ind1="-" ind2="1"><subfield code="a">Dumont</subfield></datafield><datafield tag="425" ind1="a" ind2="1"><subfield code="a">1999</subfield></datafield><datafield tag="433" ind1="-" ind2="1"><subfield code="a">237 S.</subfield></datafield><datafield tag="540" ind1="a" ind2="1"><subfield code="a">3-7701-4959-9</subfield></datafield><datafield tag="902" ind1="-" ind2="1"><subfield code="s">Ehepaar</subfield><subfield code="9">(DE-588)4124813-2</subfield></datafield><datafield tag="902" ind1="-" ind2="1"><subfield code="s">Entfremdung</subfield><subfield code="9">(DE-588)4014867-1</subfield></datafield><datafield tag="902" ind1="-" ind2="1"><subfield code="f">Belletristische Darstellung</subfield></datafield><datafield tag="903" ind1="-" ind2="1"><subfield code="a">213</subfield></datafield><controlfield tag="SYS">004626256</controlfield><datafield tag="LOW" ind1="-" ind2="1"><subfield code="a">K0001</subfield></datafield><datafield tag="LOW" ind1="-" ind2="1"><subfield code="a">B0001</subfield></datafield><datafield tag="LOW" ind1="-" ind2="1"><subfield code="a">Q1016</subfield></datafield><datafield tag="952" ind1="-" ind2="1"><subfield code="s">Ehepaare</subfield></datafield><datafield tag="952" ind1="-" ind2="1"><subfield code="s">Ehepartner</subfield><subfield code="x">Paar</subfield></datafield><datafield tag="952" ind1="-" ind2="1"><subfield code="s">Alienation</subfield></datafield><datafield tag="088" ind1=" " ind2=" "><subfield code="a">294</subfield><subfield code="b">00000024</subfield><subfield code="c">IZA9254</subfield><subfield code="e">ILL Ausleihe</subfield></datafield><datafield tag="088" ind1=" " ind2=" "><subfield code="a">38</subfield><subfield code="b">00000001</subfield><subfield code="c">11B6210</subfield><subfield code="e">ILL Ausleihe</subfield></datafield><datafield tag="088" ind1=" " ind2=" "><subfield code="a">5/13</subfield><subfield code="b">00060001</subfield><subfield code="c">GN 9204 H66.999</subfield><subfield code="e">keine ILL</subfield></datafield><datafield tag="088" ind1=" " ind2=" "><subfield code="a">467</subfield><subfield code="b">11</subfield><subfield code="c">11CSNS1131</subfield><subfield code="e">Ausleihbar</subfield></datafield></record></metadata></record></ListRecords></OAI-PMH>